<record><leader>00000cas a2200000 a 4500</leader><controlfield tag="001">11957082</controlfield><controlfield tag="008">850424d18811898ksuwr ne      0    0eng d</controlfield><datafield ind1=" " ind2=" " tag="010"><subfield code="a">sn 85031179 </subfield></datafield><datafield ind1=" " ind2=" " tag="040"><subfield code="a">KSH</subfield><subfield code="b">eng</subfield><subfield code="c">KSH</subfield><subfield code="d">NPT</subfield><subfield code="d">OCL</subfield><subfield code="d">OCLCQ</subfield></datafield><datafield ind1=" " ind2=" " tag="042"><subfield code="a">msc</subfield></datafield><datafield ind1="0" ind2="4" tag="245"><subfield code="a">The Frankfort bee.</subfield></datafield><datafield ind1="1" ind2="3" tag="246"><subfield code="a">Frankfort weekly bee</subfield><subfield code="f">June 27-Aug. 8, 1884</subfield></datafield><datafield ind1=" " ind2=" " tag="260"><subfield code="a">Frankfort, Kan. :</subfield><subfield code="b">Lute P. Bowen,</subfield><subfield code="c">1881-</subfield></datafield><datafield ind1=" " ind2=" " tag="300"><subfield code="a">v. :</subfield><subfield code="b">ill. ;</subfield><subfield code="c">50-59 cm.</subfield></datafield><datafield ind1=" " ind2=" " tag="310"><subfield code="a">Weekly,</subfield><subfield code="b">Aug. 1896-</subfield></datafield><datafield ind1=" " ind2=" " tag="321"><subfield code="a">Weekly,</subfield><subfield code="b">Nov. 18, 1881-Feb. 1894</subfield></datafield><datafield ind1=" " ind2=" " tag="321"><subfield code="a">Semiweekly,</subfield><subfield code="b">Mar. 6, 1894-July 24, 1896</subfield></datafield><datafield ind1="0" ind2=" " tag="362"><subfield code="a">Vol. 1, no. 1 (Nov. 18, 1881)-</subfield></datafield><datafield ind1="1" ind2=" " tag="362"><subfield code="a">Ceased in 1898?</subfield></datafield><datafield ind1=" " ind2=" " tag="500"><subfield code="a">Publisher varies.</subfield></datafield><datafield ind1=" " ind2=" " tag="500"><subfield code="a">"A live, local, republican newspaper, devoted to the agricultural, mechanical, mercantile and political interests of Marshall County."</subfield></datafield><datafield ind1=" " ind2=" " tag="525"><subfield code="a">Supplements included.</subfield></datafield><datafield ind1=" " ind2=" " tag="752"><subfield code="a">United States</subfield><subfield code="b">Kansas</subfield><subfield code="c">Marshall</subfield><subfield code="d">Frankfort.</subfield></datafield><datafield ind1="0" ind2="0" tag="780"><subfield code="t">National headlight</subfield><subfield code="w">(DLC)sn 85031180</subfield></datafield><datafield ind1="0" ind2="5" tag="780"><subfield code="t">Beattie boomerang</subfield><subfield code="g">May 22, 1884</subfield><subfield code="w">(DLC)sn 85031163</subfield></datafield><datafield ind1="0" ind2="5" tag="780"><subfield code="t">Visitor (Axtell, Kan.)</subfield><subfield code="g">July 31, 1884</subfield><subfield code="w">(DLC)sn 85031160</subfield></datafield><datafield ind1="0" ind2="5" tag="780"><subfield code="t">Frankfort sentinel</subfield><subfield code="g">Mar. 18, 1892</subfield><subfield code="w">(DLC)sn 85031190</subfield></datafield></record>